@Book{reflist,
author     = {surname, initials and surname, initials and surname, initials},
year        ={2013},
title          ={title of the book},
edition    ={22},
publisher = {Addison-Wesley},
address={hollywood},
}


@ONLINE{sparkfun10736,
author = {{SparkFun Electronics}},
title = {9 {Degrees} of {Freedom} - {Razor} {IMU}, {SEN-10736}},
url = {https://www.sparkfun.com/products/10736}
}

@ONLINE{itg3200,
author = {{InvenSense}},
title = {{ITG-3200} {Product} {Specification} {Revision} 1.4},
year = {2010},
url = {https://www.sparkfun.com/datasheets/Sensors/Gyro/PS-ITG-3200-00-01.4.pdf}
}

@ONLINE{adxl345,
author = {{Analog Devices}},
title = {ADXL345 datasheet, {Revision} 0},
year = {2009},
url = {http://www.sparkfun.com/datasheets/Sensors/Accelerometer/ADXL345.pdf}
}

@ONLINE{hmc5883l,
author = {{Honeywell}},
title = {{3-Axis Digital Compass IC, HMC5883L} datasheet, {Revision} D},
year = {2011},
url = {http://cdn.sparkfun.com/datasheets/Sensors/Magneto/HMC5883L-FDS.pdf}
}

@ONLINE{hardsoft,
author={{VectorNav}},
title={Magnetometer},
url={http://www.vectornav.com/support/library/magnetometer}
}

@ONLINE{firmware,
author={Bartz, Peter},
title={{AHRS} {Firmware} for the {SparkFun} {9DOF} {Razor} {IMU} and {SparkFun} {9DOF} {Sensor} {Stick}},
year={2013},
url={https://github.com/ptrbrtz/razor-9dof-ahrs}
}

@ONLINE{razorcalibration,
author={Bartz, Peter},
title={{Tutorial:} {Building} an {AHRS} using the {SparkFun} {"9DOF Razor IMU"} or {"9DOF Sensor Stick"}},
year={2014},
url={https://github.com/ptrbrtz/razor-9dof-ahrs/wiki/Tutorial}
}

@ONLINE{ellipsoidfit,
author={Yuri Petrov},
title={Ellipsoid fit},
year={2009},
url={http://www.mathworks.com/matlabcentral/fileexchange/24693-ellipsoid-fit}
}

@article{gohary,
    author = {El-Gohary, Mahmoud and McNames, James},
    journal = {Biomedical Engineering, IEEE Transactions on},
    keywords = {constraints, kinematics},
    number = {9},
    pages = {2635--2641},
    priority = {2},
    publisher = {IEEE},
    title = {{Shoulder and Elbow Joint Angle Tracking With Inertial Sensors}},
    volume = {59},
    year = {2012}
}

@article{foxlin,
  title={Motion tracking requirements and technologies},
  author={Foxlin, Eric and others},
  journal={Handbook of virtual environment technology},
  pages={163--210},
  year={2002},
  chapter={8},
  publisher={Hillsdale}
}

@inproceedings{bachmankalman,
title={{Implementation and Experimental Results of a Quaternion-Based Kalman Filter for Human Body Motion Tracking}},
author={Xiaoping Yun and Conrado Aparicio and Eric R. Bachmann and Robert B. McGhee},
booktitle={Robotics and Automation, 2005. ICRA 2005. Proceedings of the 2005 IEEE International Conference on},
address={Barcelona, Spain},
year={2005},
month={April}
}

@inproceedings{bachmanmagnets,
title={An investigation of the effects of magnetic variations on inertial/magnetic orientation sensors},
author={Eric R. Bachman},
booktitle={Robotics and Automation, 2004. ICRA 2004. Proceedings of the 2004 IEEE International Conference on},
pages={1115--1122 Vol. 2},
year={2004},
month={April}
}

@online{gimballock,
   author = {Wikipedia},
   title = {Gimbal lock --- Wikipedia{,} The Free Encyclopedia},
   year = {2015},
   url = {http://en.wikipedia.org/w/index.php?title=Gimbal_lock&oldid=652054431},
   note = "[Online; accessed 27-May-2015]"
 }

@online{quaternion,
   author = {Wikipedia},
   title = {Quaternion --- Wikipedia{,} The Free Encyclopedia},
   year = {2015},
   url = {http://en.wikipedia.org/w/index.php?title=Quaternion&oldid=662856353},
   note = {[Online; accessed 27-May-2015]}
 }

@online{aircraft,
   author = {Wikipedia},
   title = {Aircraft principal axes --- Wikipedia{,} The Free Encyclopedia},
   year = {2015},
   url = {http://en.wikipedia.org/w/index.php?title=Aircraft_principal_axes&oldid=662916600},
   note = {[Online; accessed 27-May-2015]}
 }
















@Book{adam,
author     = {Adams, R. A. and Essex, C.},
year        ={2013},
title          ={Calculus A Complete Course},
edition    ={7},
publisher = {Pearson Canada},
address={Toronto},
}

@Book{operating_systems_concepts_ed9,
author     = {Silberschatz, A. and Galvin, P. B. and Gagne, G.},
year        ={2012},
title          ={Operating Systems Concepts},
edition    ={9},
publisher = {Wiley},
address={},
}

@Book{operating_systems_concepts_ed8,
author     = {Silberschatz, A. and Galvin, P. B. and Gagne, G.},
year        ={2008},
title          ={Operating Systems Concepts},
edition    ={8},
publisher = {Wiley},
address={},
}

@Book{pedroni_VHDL,
author     = {Pedroni, V. A.},
year        ={2010},
title          ={Circuit Design and Simulation with VHDL},
edition    ={2},
publisher = {Massachusetts Institute of Technology ER EN SMULE ISUKKER PÃ… DENNE}, 
address={London, England},
}

@Book{reg_modern_control_systems,
author     = {Dorf, R. C. and Bishop, R. H.},
year        ={2010},
title          ={Modern Control Systems},
edition    ={12},
publisher = {Pearson Education},
address={New Jersey},
}

@Book{dsp,
author     = {Tan, Li and Jiang, Jean},
year        ={2013},
title          ={Digital Signal Processing},
edition    ={2},
publisher = {Elsevier},
address={Oxford, England},
}


@Book{fund_of_physics,
author     = {Halliday, D. and Resnick, R. and Walker, J.},
year        ={2011},
title          ={Fundamentals of Physics Extended},
edition    ={9},
publisher = {John Wiley \& Sons, Inc},
address={Cleveland},
}

@Book{elehandbook,
author	={Irwin, J. David},
year		={1997},
title		={The Industrial Electronics Handbook},
publisher={Taylor \& Francis},
address	={USA},
}


@ONLINE{alu_profil_desitet,
author = {{Bosch Rexroth Cooperation}},
title = {Basic Mechanic Elements 13.0 Catalog},
month = feb,
year = {2013},
url = {http://www.boschrexroth.com/country_units/america/united_states/sub_websites/brus_dcl/Products/Aluminum_Structural_Framing/a_catalog/mge_catalog_download/3842540392_2013_02_EN_MGE13.pdf}
}


@ONLINE{ES_regler,
author = {ISSF},
title = {Official Statutes Rules and Regulations, Edition 2013},
month = jan,
year = {2014},
url = {http://www.issf-sports.org/documents/rules/2013/ISSFRuleBook2013-2ndPrint-ENG.zip}
}

@ONLINE{gear_inerti,
author = {{Engineers Edge}},
title = {Gear Drive Motor Moment of Inertia Equation},
year = {2014},
url = {http://www.engineersedge.com/motors/gear_drive_system.htm}
}


@ONLINE{freertos.org,
author = {{Real Time Engineers Ltd.}},
title = {FreeRTOS\textregistered},
year = {2013},
url = {http://www.freertos.org}
}

@ONLINE{www.coocox.com/CoOS.htm,
author = {CooCox},
title = {CooCox CoOS},
year = {2011},
url = {http://www.coocox.com/CoOS.htm}
}

@ONLINE{Hearingrange,
author = {Wikipedia},
title = {Hearing range},
year = {2014},
url = {http://en.wikipedia.org/w/index.php?title=Hearing_range&oldid=608047392}
}




@ONLINE{emgmotor,
author = {{Robot Electronics UK}},
title = {EMG30, mounting bracket and wheel specification},
year = {2014},
url = {http://www.robot-electronics.co.uk/htm/emg30.htm}
}


@ONLINE{lm3s6965,
author = {{Texas Instruments}},
title = {LM3S6965 Datasheet},
month = {jun},
year = {2012},
url = {http://www.ti.com/lit/ds/symlink/lm3s6965.pdf}
}

@ONLINE{DCmotormodel,
author = {J. Borenstein, and H. R. Everett, and L. Feng},
title = {Where am I? Sensors and Methods for Mobile Robot Positioning},
year = {1996},
url = {http://www-personal.umich.edu/~johannb/Papers/pos96rep.pdf}
}

@ONLINE{litteraturdcmodel,
author = {Zaccarian, L.},
title = {DC motors: dynamic model and control techniques},
year = {2012},
url = {http://control.disp.uniroma2.it/zack/LabRob/DCmotors.pdf}
}



@ONLINE{patternandchoke,
author = {Wikipedia},
title = {Shotgun},
year = {2014},
url = {http://en.wikipedia.org/w/index.php?title=Shotgun&oldid=608802310}
}


@ONLINE{basys2,
author = {{Digilent Inc.}},
title = {Digilent Basys2 Board Reference Manual},
year = {2010},
url = {http://www.digilentinc.com/Data/Products/BASYS2/Basys2_rm.pdf}
}