 @misc{ knnwiki,
   author = "Wikipedia",
   title = {{K-nearest neighbors algorithm --- Wikipedia{,} The Free Encyclopedia}},
   year = "2016",
   howpublished = "\url{https://en.wikipedia.org/w/index.php?title=K-nearest_neighbors_algorithm&oldid=723177462}",
   note = "[Online; accessed 6-June-2016]"
 }

 @misc{ svmwiki,
   author = "Wikipedia",
   title = {{Support vector machine --- Wikipedia{,} The Free Encyclopedia}},
   year = "2016",
   howpublished = "\url{https://en.wikipedia.org/w/index.php?title=Support_vector_machine&oldid=723837356}",
   note = "[Online; accessed 6-June-2016]"
 }

@misc{ svmmathworks,
   author = "MathWorks",
   title = {{Support Vector Machines for Binary Classification}},
   year = "2016",
   howpublished = "\url{http://se.mathworks.com/help/stats/support-vector-machines-for-binary-classification.html}",
   note = "[Online; accessed 6-June-2016]"
}

@article{convexhull,
title = "Large margin classifiers based on affine hulls ",
journal = "Neurocomputing ",
volume = "73",
number = "16–18",
pages = "3160 - 3168",
year = "2010",
note = "10th Brazilian Symposium on Neural Networks (SBRN2008) ",
issn = "0925-2312",
doi = "http://dx.doi.org/10.1016/j.neucom.2010.06.018",
url = "\url{http://www.sciencedirect.com/science/article/pii/S0925231210003140}",
author = {Cevikalp, Hakan and Triggs, Bill and Serhan, Hasan Yavuz and Küçük, Yalçın and Küçük, Mahide and Barkana, Atalay},
}

@book{mlwr,
author={Lantz, Brett},
publisher={Packt Publishing},
title={Machine Learning with R},
year={2015},
edition={2},
}






@ARTICLE{robwork,
author     = {Ellekilde, Lars-Peter and Jorgensen, Jimmy A.},
journal    = {Robotics (ISR), 2010 41st International Symposium on and 2010 6th German Conference on Robotics (ROBOTIK)},
title      = {RobWork: A Flexible Toolbox for Robotics Research and Education},
year       = {2010},
month      = {June},
pages      = {1 - 7},
}
@ARTICLE{prm_paper,
author     = {Kavralu, Lydia E. and Svestka, Petr and Jean-Claude Latombe and Overmars, Mark H.}, 
journal    = {IEEE Transactions on Robotics and Automation}, 
title      = {Probabilistic Roadmaps for Path Planning in High-Dimensional Configuration Spaces}, 
year       = {1996}, 
volume     = {12}, 
pages      = {566-580},  
}
@ARTICLE{stereo_vis_master,
author     = {Kristoffer Rath Petersen and Michael Bing}, 
title      = {Multiple-view vision-based robot calibration}, 
year       = {2012}, 
}

@online{opencv,
  author = {itseez},
  title = {Open Source Computer Vision Library, {OpenCV}},
  howpublished = {http://opencv.org/},
  urldate = {16-05-2016},
}

@ARTICLE{maneuvering_target_tracking,
author     = {Li, X. Rong and Jilkov, Vesselin P.},
journal    = {IEEE Transactions on Aerospace and Electronic Systems},
title      = {Survey of Maneuvering Target Tracking. Part I: Dynamic Models},
year       = {2003},
volume     = {39},
pages      = {1333-1354},
}
@online{eigen,
  author = {Ga\"{e}l Guennebaud and Beno\^{i}t Jacob and others},
  title = {Eigen v3},
  howpublished = {http://eigen.tuxfamily.org},
  year = {2010}
 }

@online{ openmp,
    author = {{OpenMP Architecture Review Board}},
    title = {{OpenMP} Application Program Interface},
    year = 2008,
    howpublished = {http://www.openmp.org/}
}

@Article{fusiello,
author={Fusiello, Andrea and Trucco, Emanuele and Verri, Alessandro},
title={A compact algorithm for rectification of stereo pairs},
journal={Machine Vision and Applications},
year={2000},
volume={12},
number={1},
pages={16--22},
issn={1432-1769},
doi={10.1007/s001380050120},
url={http://dx.doi.org/10.1007/s001380050120}
}

@ARTICLE{modellingUnc,
author     = {J. C. Clarke}, 
title      = {Modelling uncertainty: A primer, Tutorial of Oxford University},
year       = {1998},
}

@ARTICLE{shiu,
author     = {Shiu, Y. C. and Ahmad, S.},
title      = {Calibration of Wrist-Mounted Robotic Sensors by Solving Homogeneous Transform Equations of the Form {AX = XB}},
journal    = {IEEE Transactions on Robotics and Automation},
year       = {1989},
volume     = {5},
number     = {1},
pages      = {16-29},
issn       = {1042-296X},
doi        = {10.1109/70.88014},
}

@article{park,
author     = {Park, F. C. and Martin, B. J.},
title      = {Robot Sensor Calibration: Solving AX = XB on the Euclidean Group},
journal    = {IEEE Transactions on Robotics and Automation},
year       = {1994},
volume     = {10},
number     = {5},
pages      = {717-721},
issn       = {1042-296X},
doi        = {10.1109/70.326576},
}

@inproceedings{shah_overview,
 author = {Shah, Mili and Eastman, Roger D. and Hong, Tsai},
 title = {An Overview of Robot-sensor Calibration Methods for Evaluation of Perception Systems},
 booktitle = {Proceedings of the Workshop on Performance Metrics for Intelligent Systems},
 series = {PerMIS '12},
 year = {2012},
 isbn = {978-1-4503-1126-7},
 location = {College Park, Maryland},
 pages = {15--20},
 numpages = {6},
 url = {http://doi.acm.org/10.1145/2393091.2393095},
 doi = {10.1145/2393091.2393095},
 acmid = {2393095},
 publisher = {ACM},
 address = {New York, NY, USA},
} 

@article{shah_axyb,
author     = {Shah, Mili},
title      = {Solving the Robot-World/Hand-Eye Calibration
Problem Using the Kronecker Product},
journal    = {Journal of Mechanisms and Robotics},
year       = {2013},
volume     = {5},
number     = {3},
doi        = {10.1115/1.4024473},
url        = {http://dx.doi.org/10.1115/1.4024473},
}

@article{zhang,
author     = {Zhang, Z.},
title      = {A Flexible New Technique for Camera Calibration},
journal    = {IEEE Transactions on Pattern Analysis and Machine Intelligence},
volume     = {22},
number     = {11},
pages      = {1330-1334},
year       = {1998},
}

@article{ernst,
author     = {Ernst, F. and Richter, L. and Matthäus, L. and Martens, V. and Bruder, R. and Schlaefer, A. and Schweikard, A.},
title      = {Non-orthogonal tool/flange and robot/world calibration},
journal    = {The International Journal of Medical Robotics and Computer Assisted Surgery},
volume     = {8},
number     = {4},
pages      = {407-420},
year       = {2012},
doi        = {10.1002/rcs.1427},
}

@InProceedings{pcl,
  author    = {Radu Bogdan Rusu and Steve Cousins},
  title     = {{3D is here: Point Cloud Library (PCL)}},
  booktitle = {{IEEE International Conference on Robotics and Automation (ICRA)}},
  month     = {May 9-13},
  year      = {2011},
  address   = {Shanghai, China}
}
